<record><leader>00000cas a22000007a 4500</leader><controlfield tag="001">10405628</controlfield><controlfield tag="008">840211d18671894ohuwr ne      0    0eng d</controlfield><datafield ind1=" " ind2=" " tag="010"><subfield code="a">sn 84028037 </subfield></datafield><datafield ind1=" " ind2=" " tag="040"><subfield code="a">NPY</subfield><subfield code="b">eng</subfield><subfield code="c">NPY</subfield><subfield code="d">DLC</subfield><subfield code="d">ONP</subfield><subfield code="d">DLC</subfield><subfield code="d">ONP</subfield><subfield code="d">OCLCQ</subfield></datafield><datafield ind1=" " ind2=" " tag="042"><subfield code="a">msc</subfield></datafield><datafield ind1="0" ind2=" " tag="130"><subfield code="a">Sandusky weekly register (Sandusky, Ohio : 1867)</subfield></datafield><datafield ind1="1" ind2="0" tag="245"><subfield code="a">Sandusky weekly register.</subfield></datafield><datafield ind1=" " ind2=" " tag="260"><subfield code="a">Sandusky, Ohio :</subfield><subfield code="b">Nettleton &amp; Waterbury,</subfield><subfield code="c">1867-1894.</subfield></datafield><datafield ind1=" " ind2=" " tag="300"><subfield code="a">v. ;</subfield><subfield code="c">72 cm.</subfield></datafield><datafield ind1=" " ind2=" " tag="310"><subfield code="a">Weekly</subfield></datafield><datafield ind1="0" ind2=" " tag="362"><subfield code="a">Vol. 46 (Oct. 25, 1867)-v. 72, no. 50 (Apr. 18, 1894).</subfield></datafield><datafield ind1=" " ind2=" " tag="752"><subfield code="a">United States</subfield><subfield code="b">Ohio</subfield><subfield code="c">Erie</subfield><subfield code="d">Sandusky.</subfield></datafield><datafield ind1="0" ind2=" " tag="775"><subfield code="t">Sandusky tri-weekly register (Sandusky, Ohio : 1888)</subfield><subfield code="w">(DLC)sn 84028044</subfield></datafield><datafield ind1="0" ind2=" " tag="775"><subfield code="t">Sandusky daily register (Sandusky, Ohio : 1867)</subfield><subfield code="w">(DLC)sn 84028040</subfield></datafield><datafield ind1="0" ind2="0" tag="780"><subfield code="t">Weekly Sandusky register</subfield><subfield code="w">(DLC)sn 84028036</subfield></datafield><datafield ind1="0" ind2="0" tag="785"><subfield code="t">Sandusky register (Sandusky, Ohio : Weekly)</subfield><subfield code="w">(DLC)sn 87076515</subfield></datafield></record>